%% This BibTeX bibliography file was created using BibDesk.
%% https://bibdesk.sourceforge.io/

%% Created for Melissa Antonelli at 2021-12-19 17:31:12 +0000


%% Saved with string encoding Unicode (UTF-8)



@book{Buss,
	Author = {Buss, S.R.},
	Date-Added = {2021-12-19 17:29:28 +0000},
	Date-Modified = {2021-12-19 17:30:06 +0000},
	Publisher = {Bibliopolis},
	Title = {Bounded Arithmetic},
	Year = {1986}}

@book{Billingsley,
	Author = {Billingsley, P.},
	Date-Added = {2021-12-13 13:41:42 +0000},
	Date-Modified = {2021-12-13 13:41:42 +0000},
	Publisher = {Wiley},
	Title = {Probability and Measure},
	Year = {1995}}

@incollection{Buss98,
	Author = {Buss, S.R.},
	Booktitle = {Handbook of Proof Theory},
	Date-Added = {2021-12-13 00:10:39 +0000},
	Date-Modified = {2021-12-13 00:11:25 +0000},
	Editor = {Buss, S.R:},
	Publisher = {Elsavier},
	Title = {First-Order Proof Theory of Arithmetic},
	Year = {1998}}

@article{Parikh71,
	Author = {Parikh, R.},
	Date-Added = {2021-12-13 00:09:39 +0000},
	Date-Modified = {2021-12-13 00:10:27 +0000},
	Journal = {Journal of Symbolic Logic},
	Pages = {494--508},
	Title = {Existence and feasibility in arithmetic},
	Volume = {36},
	Year = {1971}}

@article{Negri03,
	Author = {Negri, S.},
	Date-Added = {2021-12-05 12:25:52 +0000},
	Date-Modified = {2021-12-05 12:26:48 +0000},
	Journal = {Archive for Mathematical Logic},
	Number = {4},
	Pages = {389-401},
	Title = {Contraction-free sequent calculi for geometric theories with an application to {B}arr's theorem},
	Volume = {42},
	Year = {2003}}

@inproceedings{ADLP,
	Author = {Antonelli, M. and Dal Lago, U. and Pistone, P.},
	Booktitle = {Connecting with Computabiliy},
	Date-Added = {2021-11-30 09:48:26 +0000},
	Date-Modified = {2021-11-30 09:53:47 +0000},
	Editor = {De Mol, L. and Weiermannn, A. and Manea, F. and Fern\'andez-Duque, D.},
	Pages = {12-24},
	Publisher = {Springer},
	Title = {On Measure Quantifiers in First-Order Arithmetic},
	Year = {2021}}

@article{FerreiraOitavem,
	Author = {Ferreira, G. and Oitavem, I.},
	Date-Added = {2021-11-29 15:48:34 +0000},
	Date-Modified = {2021-11-30 09:30:07 +0000},
	Journal = {Portugaliae Mathematica},
	Pages = {427-450},
	Title = {An Interpretation of {$S^1_2$} in {$\Sigma^b_1$}-{NIA}},
	Volume = {63},
	Year = {2006}}

@unpublished{Ferreira88,
	Author = {Ferreira, F.},
	Date-Added = {2021-11-29 15:45:20 +0000},
	Date-Modified = {2021-11-29 15:46:25 +0000},
	Month = {December},
	Note = {Ph.D. Dissertation},
	Title = {Polynomial Time Computable Arithmetic and Conservative Extesions},
	Year = {1988}}

@inproceedings{Ferreira90,
	Author = {Ferreira, F.},
	Booktitle = {Logic and Computation},
	Date-Added = {2021-11-29 15:42:17 +0000},
	Date-Modified = {2021-11-29 15:43:39 +0000},
	Editor = {Sieg, W.},
	Publisher = {AMS},
	Series = {Contemporary Mathematics},
	Title = {Polynomial-Time Computable Arithmetic},
	Volume = {106},
	Year = {1990}}

@article{Negri,
	Author = {Negri, S.},
	Date-Added = {2021-03-01 22:37:01 +0100},
	Date-Modified = {2021-03-01 22:37:01 +0100},
	Journal = {Journal of Philosophical Logic},
	Pages = {507--544},
	Title = {Proof Analysis in Modal Logic},
	Volume = {34},
	Year = {2005}}

@book{NegrivonPlato,
	Author = {Negri, S. and von Plato, J.},
	Date-Added = {2021-03-01 22:36:59 +0100},
	Date-Modified = {2021-03-01 22:36:59 +0100},
	Publisher = {Cambridge University Press},
	Title = {Proof Analysis: A Contribution to \text{H}ilbert's Last Problem},
	Year = {2011}}

@unpublished{longVersion,
	Author = {Antonelli, M. and Dal Lago, U., and Pistone, P.},
	Date-Added = {2021-02-04 16:50:29 +0100},
	Date-Modified = {2021-11-29 16:08:25 +0000},
	Month = {February},
	Title = {On Measure Quantifiers in First-Order Arithmetic (Long Version)},
	Year = {2021}}

@phdthesis{Buss86,
	Author = {Buss, S.R.},
	Date-Added = {2021-02-02 18:52:03 +0100},
	Date-Modified = {2021-02-02 18:52:50 +0100},
	School = {Princeton University},
	Title = {Bounded Arithmetic},
	Year = {1986}}

@book{SorUrz,
	Author = {Sorensen, M.H., and Urzyczyn, P.},
	Date-Added = {2021-01-28 13:02:24 +0100},
	Date-Modified = {2021-01-30 22:06:50 +0100},
	Publisher = {Elsevier},
	Title = {Lectures on the \text{C}urry-\text{H}oward Isomorphism},
	Year = {2006}}

@book{AroraBarak,
	Author = {Arora, S., and Barak, B.},
	Date-Added = {2021-01-28 13:01:23 +0100},
	Date-Modified = {2021-01-28 13:01:23 +0100},
	Publisher = {Cambridge University Press},
	Title = {Computational complexity: A modern approach},
	Year = {2009}}

@article{CookUrquhart,
	year = {1993},
	author = {Stephen Cook and Alasdair Urquhart},
	number = {2},
	journal = {Annals of Pure and Applied Logic},
	pages = {103--200},
	title = {Functional Interpretations of Feasibly Constructive Arithmetic},
	volume = {63},
	publisher = {Elsevier},
	doi = {10.1016/0168-0072(93)90044-e}
}

@incollection{Cobham1965,
	title = {The Intrinsic Computational Difficulty of Functions},
	year = {1965},
	author = {Alan Cobham},
	pages = {24--30},
	editor = {Yehoshua Bar{-}Hillel},
	booktitle = {Logic, Methodology and Philosophy of Science: Proceedings of the 1964 International Congress (Studies in Logic and the Foundations of Mathematics)},
	publisher = {North-Holland Publishing}
}
